@Manual{@citeR,
    title = {R: A Language and Environment for Statistical Computing},
    author = {R Core Team},
    organization = {R Foundation for Statistical Computing},
    address = {Vienna, Austria},
    year = {2020},
    url = {https://www.R-project.org/},
  }
  
@article{Bhatia, 
  title = {Empirical Measurement of Perceived Privacy Risk}, 
  volume = {25},
  number = {6}, 
  journal = {ACM Transactions on Computer-Human Interaction}, 
  author = {Bhatia, Jaspreet and Breaux, Travis D.}, year={2018}, pages={1–47},
 }
 
 @misc{Wilson, 
  title = {The Creation and Analysis of a Website Privacy Policy Corpus}, 
  journal={Proceedings of the 54th Annual Meeting of the Association for Computational Linguistics (Volume 1: Long Papers)}, 
  author = {Wilson, Shomir and Schaub, Florian and Dara, Aswarth Abhilash and Liu, Frederick and Cherivirala, Sushain and Leon, Pedro Giovanni and Andersen, Mads Schaarup and Zimmeck, Sebastian and Sathyendra, Kanthashree Mysore and Russell, N. Cameron and et al}, 
  year = {2016},
  publisher = {The Usable Privacy Project},
  }
  
@article{MAPS, 
  title = {MAPS: Scaling Privacy Compliance Analysis to a Million Apps}, 
  volume = {2019}, 
  journal = {Proceedings on Privacy Enhancing Technologies}, 
  author = {Zimmeck, Sebastian and Story, Peter and Smullen, Daniel and Ravichander, Abhilasha and Wang, Ziqi and Reidenberg, Joel and Russell, N. Cameron and Sadeh, Norman}, 
  year = {2019}, 
  pages = {66–86},}
  
@MISC{sadeh, 
  author = {Norman Sadeh and Ro Acquisti and Travis D. Breaux and Lorrie Faith Cranor and Aleecia M. Mcdonalda and Joel R. Reidenbergb and Noah A. Smith and Fei Liu and N. Cameron Russellb and Florian Schaub and Shomir Wilson}, 
  title = {The Usable Privacy Policy Project: Combining Crowdsourcing, Machine Learning and Natural Language Processing to SemiAutomatically Answer Those Privacy Questions Users Care About}, 
  publisher = {The Usable Privacy Project}, 
  year = {2013},}

@article{kumar, 
  title = {Quantifying the effect of in-domain distributed word representations: A study of privacy policies}, 
  author = {Kumar, Vinayshekhar Bannihatti and Ravichander, Abhilasha and Story, Peter and Sadeh, Norman}, 
  journal = {AAAI Spring Symposium on Privacy-Enhancing Artificial Intelligence and Language Technologies}, 
  year={2019}
  ,}
  
@article{dsheets,
  author    = {Timnit Gebru and
               Jamie Morgenstern and
               Briana Vecchione and
               Jennifer Wortman Vaughan and
               Hanna M. Wallach and
               Hal Daum{\'{e}} III and
               Kate Crawford},
  title     = {Datasheets for Datasets},
  journal   = {CoRR},
  volume    = {abs/1803.09010},
  year      = {2018},
  url       = {http://arxiv.org/abs/1803.09010},
  archivePrefix = {arXiv},
  eprint    = {1803.09010},
  timestamp = {Mon, 20 Aug 2018 15:16:09 +0200},
  biburl    = {https://dblp.org/rec/journals/corr/abs-1803-09010.bib},
  bibsource = {dblp computer science bibliography, https://dblp.org},
}

@misc{boyd,
  title={Ten simple rules for responsible big data research},
  author={Zook, Matthew and Barocas, Solon and Boyd, Danah and Crawford, Kate and Keller, Emily and Gangadharan, Seeta Pe{\~n}a and Goodman, Alyssa and Hollander, Rachelle and Koenig, Barbara A and Metcalf, Jacob and others},
  year={2017},
  publisher={Public Library of Science San Francisco, CA USA}
}


@article{NCSS,
  title={NCSS},
  author={Nabel, Michael},
  journal={The American Statistician},
  volume={51},
  number={1},
  pages={97},
  year={1997},
  publisher={American Statistical Association},
}

@misc{GDPR,
  author={{Council of European Union}},
  title={General Data Protection Regulation},
  year={2014},
  note={\newline\url{http://eur-lex.europa.eu/legal-content/EN/TXT/?qid=1416170084502&uri=CELEX:32014R0269}},
}